@article{StefanescuCMMSR19,
  author    = {Andrei Stefanescu and
               {\c{S}}tefan Ciob{\^{a}}c{\u{a}} and
               Radu Mereuta and
               Brandon M. Moore and
               Traian{-}Florin Serbanuta and
               Grigore Rosu},
  title     = {All-Path Reachability Logic},
  journal   = {Log. Methods Comput. Sci.},
  volume    = {15},
  number    = {2},
  year      = {2019},
  url       = {https://doi.org/10.23638/LMCS-15(2:5)2019},
  doi       = {10.23638/LMCS-15(2:5)2019},
  timestamp = {Thu, 18 Jun 2020 22:15:49 +0200},
  biburl    = {https://dblp.org/rec/journals/lmcs/StefanescuCMMSR19.bib},
  bibsource = {dblp computer science bibliography, https://dblp.org}
}